@book{soriano2014,
	author = {Humberto Lima Soriano},
	title = {Introdução à dinâmica das estruturas},
	year = {2014},
	edition = {1},
	publisher = {Elsevier},
	location = {Rio de Janeiro},
	isbn = {9788535251531},
}

